@book{
Miller2006psw,
author={Miller, Bradley N. and Ranum, David L.},
title={Problem solving with algorithms and data structures using Python},
publisher={Franklin, Beedle {\&} Associates},
address={Wilsonville, Or.},
year={2006},
ISBN={1590280539},
keywords={Programspr{\aa}k Python},
}